%% DATABASE DAFTAR PUSTAKA

@book{Ross2014,
   author = {Sheldon M. Ross},
   city = {San Diego},
   edition = {11},
   isbn = {9780124079489},
   publisher = {Academic Press},
   title = {Introduction to Probability Models},
   year = {2014},
}

@book{Alpaydın2020,
   author = {Ethem Alpaydın},
   city = {London, England},
   edition = {4},
   isbn = {9780262043793},
   publisher = {The MIT Press},
   title = {Introduction to Machine Learning},
   url = {https://mitpress.mit.edu/9780262043793/introduction-to-machine-learning/},
   year = {2020},
}

@book{Kulkarni2012,
   author = {Parag Kulkarni},
   city = {Hoboken, NJ},
   isbn = {978-1-118-27155-1},
   publisher = {Wiley},
   title = {Reinforcement and Systemic Machine Learning for Decision Making},
   url = {https://www.wiley.com/en-us/Reinforcement+and+Systemic+Machine+Learning+for+Decision+Making-p-9781118271551},
   year = {2012},
}

@book{Sarkar2018,
   author = {Dipanjan Sarkar and Raghav Bali and Tushar Sharma},
   city = {New York},
   doi = {10.1007/978-1-4842-3207-1},
   isbn = {978-1-4842-3207-1},
   issn = {9781491964606},
   pages = {545},
   publisher = {Apress},
   title = {Practical Machine Learning with Python},
   url = {https://doi.org/10.1007/978-1-4842-3207-1},
   year = {2018},
}

@book{Wickham2016,
   author = {Hadley Wickham},
   city = {New York},
   doi = {10.1007/978-3-319-24277-4},
   edition = {2},
   isbn = {978-3-319-24275-0},
   publisher = {Springer },
   title = {ggplot2},
   url = {http://link.springer.com/10.1007/978-3-319-24277-4},
   year = {2016},
}

@book{Sarkar2008,
   author = {Deepayan Sarkar},
   city = {New York},
   doi = {10.1007/978-0-387-75969-2},
   isbn = {978-0-387-75968-5},
   publisher = {Springer },
   title = {Lattice: Multivariate Data Visualization with R},
   url = {http://link.springer.com/10.1007/978-0-387-75969-2},
   year = {2008},
}

@article{King1999,
   author = {David A. King and John H. Maindonald},
   issue = {6},
   journal = {Journal of Ecology},
   pages = {1012-1024},
   title = {Tree architecture in relation to leaf dimensions and tree stature in temperate and tropical rain forests},
   volume = {87},
   url = {https://www.jstor.org/stable/2648390},
   year = {1999},
}

@article{Inselberg1985,
   author = {Alfred Inselberg},
   doi = {10.1007/BF01898350/METRICS},
   issn = {01782789},
   issue = {4},
   journal = {The Visual Computer},
   keywords = {Convexity,Duality,Intelligent control,Parallel coordinates},
   month = {12},
   pages = {69-91},
   publisher = {Springer},
   title = {The plane with parallel coordinates},
   volume = {1},
   url = {https://link.springer.com/article/10.1007/BF01898350},
   year = {1985},
}

@article{Wegman1990,
   author = {Edward J. Wegman},
   doi = {10.2307/2290001},
   issn = {01621459},
   issue = {411},
   journal = {Journal of the American Statistical Association},
   month = {9},
   pages = {664-675},
   publisher = {JSTOR},
   title = {Hyperdimensional data analysis using parallel coordinates},
   volume = {85},
   year = {1990},
}

@article{Student1908,
   author = {Student.},
   doi = {10.1093/biomet/6.1.1},
   issn = {00063444},
   issue = {1},
   journal = {Biometrika},
   pages = {1-25},
   title = {The probable error of a mean},
   volume = {6},
   url = {https://www.jstor.org/stable/2331554},
   year = {1908},
}

@article{Ulam1947,
   author = {S. Ulam and R. D. Richtmeyer and J. von Neumann},
   issn = {0164-1239},
   journal = {LAMS-551, Los Alamos National Laboratory},
   title = {Statistical Methods in Neutron Diffusion},
   year = {1947},
}

@article{Metropolis1987,
   author = {N Metropolis},
   journal = {Los Alamos Science (1987 Special Issue dedicated to Stanis-law Ulam 1909-1984)},
   title = {The beginning of the Monte Carlo method},
   year = {1987},
}
